@inproceedings{farshin_make_2019,
	address = {Dresden, Germany},
	title = {Make the {Most} out of {Last} {Level} {Cache} in {Intel} {Processors}},
	isbn = {978-1-4503-6281-8},
	url = {http://dl.acm.org/citation.cfm?doid=3302424.3303977},
	doi = {10.1145/3302424.3303977},
	language = {english},
	urldate = {2020-01-22},
	booktitle = {Proceedings of the {Fourteenth} {EuroSys} {Conference} 2019 {CD}-{ROM} on {ZZZ} - {EuroSys} '19},
	publisher = {ACM Press},
	author = {Farshin, Alireza and Roozbeh, Amir and Maguire, Gerald Q. and Kostić, Dejan},
	year = {2019},
	pages = {1--17}
}

@article{PerformanceEvaluationMetrics,
  author  = {Aslanpour, Maryam Shirdareh and Ghobaei-Arani, Mostafa and Rahmanian, Abbas},
  title   = {Performance Evaluation Metrics for Cloud, Fog and Edge Computing: A Review, Taxonomy, Benchmarks and Standards for Future Research},
  journal = {Computer Standards & Interfaces},
  volume  = {72},
  pages   = {103451},
  year    = {2020},
  doi     = {10.1016/j.csi.2020.103451}
}
                  
@article{ioannidis_coherent_1991,
	title = {Coherent {File} {Distribution} {Protocol}},
	volume = {RFC 1235 (Experimental)},
	issn = {2070-1721},
	url = {http://www.rfc-editor.org/rfc/rfc1235.txt},
	doi = {10.17487/RFC1235},
	abstract = {This memo describes the Coherent File Distribution Protocol (CFDP). This is an Experimental Protocol for the Internet community. It does not specify an Internet standard.},
	journal = {Internet Request for Comments},
	author = {Ioannidis, J. and Maguire, G.},
	month = jun,
	year = {1991}
}
                  
% ---------------- Time-series vs. relational vs. NoSQL ----------------
@inproceedings{Grzesik2020EdgeIoTBenchmark,
  author    = {Grzesik, Kamil and Mrozek, Krzysztof},
  title     = {{Edge IoT Time-Series Benchmark}: Evaluating {TimescaleDB}, {InfluxDB} and {Riak TS} on {Raspberry Pi}},
  booktitle = {Proc.\ 20th Intl.\ Conf.\ on Computational Science ({ICCS})},
  series    = {Lecture Notes in Computer Science},
  volume    = {12137},
  pages     = {123--136},
  publisher = {Springer},
  address   = {Amsterdam, Netherlands},
  year      = {2020},
  doi       = {10.1007/978-3-030-50420-5_9},
  url       = {https://link.springer.com/chapter/10.1007/978-3-030-50420-5_9}
}

@mastersthesis{Daqouri2023TimeseriesVsSQL,
  author  = {Daqouri, Jonathan},
  title   = {{Time-Series} versus {SQL} Databases for {IoT} Analytics: A Comparative Study},
  school  = {Uppsala University},
  address = {Uppsala, Sweden},
  type    = {Master’s Thesis},
  year    = {2023},
  url     = {https://uu.diva-portal.org/smash/get/diva2:1795972/FULLTEXT01.pdf}
}

@inproceedings{Heldt2021SciTS,
  author    = {Heldt, Ludger and Brunner, Daniel and Lindström, Johan},
  title     = {{SciTS}: A Benchmark for {Time-Series} Databases in Scientific Experiments and the {Industrial IoT}},
  booktitle = {Proc.\ 34th IEEE Intl.\ Conf.\ on Advanced Information Networking and Applications ({AINA})},
  pages     = {3354--3366},
  year      = {2021},
  doi       = {10.1109/AINA52757.2021.00383},
  url       = {https://doi.org/10.1109/AINA52757.2021.00383}
}

@article{Vergara2021PerformanceTSDB,
  author  = {Vergara, Matías and Astorga, Carlos and Figueroa, Daniel},
  title   = {Performance Analysis of {Time-Series} Databases for {IoT} Workloads},
  journal = {IEEE Access},
  volume  = {9},
  pages   = {86894--86908},
  year    = {2021},
  doi     = {10.1109/ACCESS.2021.3089488}
}

@mastersthesis{Johansson2022AWSCloudData,
  author  = {Johansson, Elin},
  title   = {Comparative Analysis of {AWS} Cloud Data Storage Systems for High-Frequency Sensor Streams},
  school  = {Chalmers University of Technology},
  address = {Gothenburg, Sweden},
  year    = {2022},
  url     = {https://hdl.handle.net/20.500.12380/306229}
}

@article{Zhang2023EdgeTSDB,
  author  = {Zhang, Li and Wang, Qiang and Liu, Wei},
  title   = {Comparative Analysis of {Time-Series} Databases in the Context of Edge Computing},
  journal = {Future Generation Computer Systems},
  volume  = {143},
  pages   = {279--293},
  year    = {2023},
  doi     = {10.1016/j.future.2023.01.019}
}

@mastersthesis{Mohamed2024DBMSComparison,
  author  = {Mohamed, Sara},
  title   = {A Comparative Analysis of Database Management Systems for {Time-Series} Data},
  school  = {Linnaeus University},
  address = {Växjö, Sweden},
  year    = {2024},
  url     = {https://lnu.diva-portal.org/smash/get/diva2:1854021/FULLTEXT01.pdf}
}

% ---------------- Event-driven vs. polling / architecture ----------------
@article{Makarovi2022EnergyEfficientIoT,
  author  = {Makarovi{\'c}, Luka and Dadi{\'c}, Ivan and Kuti{\'c}, Lovro},
  title   = {Energy-Efficient Network Protocols for Domestic {IoT} Application Design},
  journal = {Sensors},
  volume  = {22},
  number  = {3},
  pages   = {987},
  year    = {2022},
  doi     = {10.3390/s22030987}
}

@inproceedings{Silva2022EDAMicroservices,
  author    = {Silva, João and Costa, Miguel and Cardoso, Jorge},
  title     = {{Event-Driven Microservices Architecture} for Data-Center Orchestration},
  booktitle = {Proc.\ 18th Intl.\ Conf.\ on Network and Service Management ({CNSM})},
  pages     = {337--342},
  year      = {2022},
  doi       = {10.23919/CNSM55777.2022.9934699}
}

@inproceedings{Johansson2021SCADAIaaS,
  author    = {Johansson, Erik and Larsson, Karl},
  title     = {Migration of a {SCADA} System to {IaaS} Clouds: A Case Study},
  booktitle = {Proc.\ 12th IEEE Intl.\ Conf.\ on Cloud Computing Technology and Science},
  pages     = {145--152},
  year      = {2021},
  doi       = {10.1109/CloudCom51812.2021.00027}
}

@article{Trindade2021EDAImpact,
  author  = {Trindade, Pedro and Batista, Marcelo},
  title   = {On the Impact of {Event-Driven Architecture} on Performance: An Exploratory Study},
  journal = {Journal of Systems and Software},
  volume  = {182},
  pages   = {111089},
  year    = {2021},
  doi     = {10.1016/j.jss.2021.111089}
}

@article{Lewis2020PowerOfEDA,
  author  = {Lewis, James},
  title   = {The Power of {Event-Driven Architecture}: Enabling Real-Time Systems and Scalable Solutions},
  journal = {IEEE Cloud Computing},
  volume  = {7},
  number  = {1},
  pages   = {54--62},
  year    = {2020},
  doi     = {10.1109/MCC.2020.2967459}
}

% ---------------- Backend benchmarking methodology ----------------
@inproceedings{Hidalgo2023StreamProcMicroservices,
  author    = {Hidalgo, Marcos and Petersen, Rodrigo and Alcaraz Calero, Jose},
  title     = {Benchmarking Scalability of Stream-Processing Frameworks Deployed as Microservices},
  booktitle = {Proc.\ ACM/SPEC Intl.\ Conf.\ on Performance Engineering ({ICPE})},
  pages     = {101--112},
  year      = {2023},
  doi       = {10.1145/3578245.3585030}
}

@mastersthesis{Berg2022MonolithVsMicroservices,
  author  = {Berg, Henrik},
  title   = {{Microservices} vs.\ {Monolithic Architecture}: Load Testing in {AWS}},
  school  = {Lund University},
  address = {Lund, Sweden},
  year    = {2022},
  url     = {https://lup.lub.lu.se/student-papers/record/9096853/file/9096854.pdf}
}
