@article{Laigner2024Microservices,
  author  = {Laigner, R. N. L. and Almeida, A. C. and Assunção, W. and Zhou, Y.},
  title   = {An Empirical Study on Challenges of Event Management in Microservice Architectures},
  journal = {arXiv preprint arXiv:2408.00440},
  year    = {2024},
  url     = {https://arxiv.org/abs/2408.00440}
}

@article{Shah2022TimeSeriesDB,
  author  = {Shah, Bhavya and Sahu, Abhinav and Awadallah, Ahmed},
  title   = {Performance Study of Time Series Databases},
  journal = {arXiv preprint arXiv:2208.13982},
  year    = {2022},
  url     = {https://arxiv.org/abs/2208.13982}
}

@article{Marcu2022PushPull,
  author  = {Marcu, Ovidiu{-}Cristian and Bouvry, Pascal},
  title   = {Colocating Real-Time Storage and Processing: An Analysis of Pull-Based versus Push-Based Streaming},
  journal = {arXiv preprint arXiv:2211.05857},
  year    = {2022},
  url     = {https://arxiv.org/abs/2211.05857}
}

@misc{AWSTimestreamRDSMigrate2023,
  author       = {{Amazon Web Services}},
  title        = {Migrate Time-Series Data from Amazon RDS for PostgreSQL to Amazon Timestream Using Batch Load},
  howpublished = {AWS Big Data Blog},
  month        = {Dec},
  day          = {12},
  year         = {2023},
  url          = {https://aws.amazon.com/blogs/database/migrate-time-series-data-from-amazon-rds-for-postgresql-to-amazon-timestream-using-batch-load/}
}

@misc{Zicari2022PurposeBuilt,
  author       = {Zicari, R.},
  title        = {The Advantages of AWS Purpose-Built Databases. Q\&A with Vlad Vlasceanu},
  howpublished = {ODBMS.org},
  year         = {2022},
  month        = {Aug},
  url          = {https://www.odbms.org/2022/08/the-advantages-of-aws-purpose-built-database/}
}

@online{AWSCloudWatch2025,
  author = {{Amazon Web Services}},
  title  = {What is Amazon CloudWatch?},
  year   = {2025},
  url    = {https://docs.aws.amazon.com/AmazonCloudWatch/latest/monitoring/WhatIsCloudWatch.html},
  note   = {Accessed 2025-05-11}
}

@online{GTFSRealtime,
  author = {{Google}},
  title  = {GTFS Realtime Overview},
  year   = {2025},
  url    = {https://developers.google.com/transit/gtfs-realtime},
  note   = {Accessed 2025-05-11}
}

@online{k6Docs2025,
  author = {{Grafana Labs}},
  title  = {Grafana k6 Documentation (v0.57)},
  year   = {2025},
  url    = {https://grafana.com/docs/k6/latest/},
  note   = {Accessed 2025-05-11}
}

@online{LocustDoc2023,
  author = {{Locust}},
  title  = {What is Locust?},
  year   = {2023},
  url    = {https://docs.locust.io/en/stable/what-is-locust.html},
  note   = {Accessed 2025-05-11}
}

@online{StatsDirectANOVA2023,
  author = {{StatsDirect}},
  title  = {Analysis of Variance (ANOVA)},
  year   = {2023},
  url    = {https://www.statsdirect.com/help/analysis_of_variance/anova.htm},
  note   = {Accessed 2025-05-11}
}

@online{StatsDirectKW2023,
  author = {{StatsDirect}},
  title  = {Kruskal--Wallis Test (Nonparametric One-way ANOVA)},
  year   = {2023},
  url    = {https://www.statsdirect.com/help/nonparametric_methods/kruskal_wallis.htm},
  note   = {Accessed 2025-05-11}
}

@online{TrafikverketDataCache2025,
  author = {{Trafikverket}},
  title  = {Train Position and Timetable Data – Data Cache \& Model},
  year   = {2025},
  url    = {https://data.trafikverket.se/documentation/datacache/data-model},
  note   = {Accessed 2025-05-11}
}

@mastersthesis{Tallberg2020IngestOnly,
  author  = {Sebastian Tallberg},
  title   = {A Comparison of Data Ingestion Platforms in Real-Time Stream Processing Pipelines},
  school  = {Mälardalen University, School of Innovation, Design and Engineering},
  address = {Västerås, Sweden},
  year    = {2020},
  month   = {Jun},
  type    = {Master's Thesis},
  url     = {https://urn.kb.se/resolve?urn=urn:nbn:se:mdh:diva-48744},
  note    = {Accessed 12~May~2025}
}